%YAML 1.1
%TAG !u! tag:unity3d.com,2011:
--- !u!1001 &100100000
Prefab:
  m_ObjectHideFlags: 1
  serializedVersion: 2
  m_Modification:
    m_TransformParent: {fileID: 0}
    m_Modifications: []
    m_RemovedComponents: []
  m_ParentPrefab: {fileID: 0}
  m_RootGameObject: {fileID: 1036565892715572}
  m_IsPrefabParent: 1
--- !u!1 &1036565892715572
GameObject:
  m_ObjectHideFlags: 0
  m_PrefabParentObject: {fileID: 0}
  m_PrefabInternal: {fileID: 100100000}
  serializedVersion: 5
  m_Component:
  - component: {fileID: 4250581926057040}
  - component: {fileID: 212291684689039722}
  - component: {fileID: 95541376974082628}
  - component: {fileID: 60038053535919150}
  - component: {fileID: 50224291704404702}
  - component: {fileID: 114863241153368332}
  m_Layer: 0
  m_Name: Pesawat Player 001
  m_TagString: Player
  m_Icon: {fileID: 0}
  m_NavMeshLayer: 0
  m_StaticEditorFlags: 0
  m_IsActive: 1
--- !u!1 &1344353766377248
GameObject:
  m_ObjectHideFlags: 1
  m_PrefabParentObject: {fileID: 0}
  m_PrefabInternal: {fileID: 100100000}
  serializedVersion: 5
  m_Component:
  - component: {fileID: 4584480892462854}
  m_Layer: 0
  m_Name: Launcher2
  m_TagString: Untagged
  m_Icon: {fileID: 0}
  m_NavMeshLayer: 0
  m_StaticEditorFlags: 0
  m_IsActive: 1
--- !u!1 &1985804871121840
GameObject:
  m_ObjectHideFlags: 0
  m_PrefabParentObject: {fileID: 0}
  m_PrefabInternal: {fileID: 100100000}
  serializedVersion: 5
  m_Component:
  - component: {fileID: 4221094365776376}
  m_Layer: 0
  m_Name: Launcher
  m_TagString: Untagged
  m_Icon: {fileID: 0}
  m_NavMeshLayer: 0
  m_StaticEditorFlags: 0
  m_IsActive: 1
--- !u!1 &1995596608917110
GameObject:
  m_ObjectHideFlags: 1
  m_PrefabParentObject: {fileID: 0}
  m_PrefabInternal: {fileID: 100100000}
  serializedVersion: 5
  m_Component:
  - component: {fileID: 4748817718073850}
  m_Layer: 0
  m_Name: Launcher1
  m_TagString: Untagged
  m_Icon: {fileID: 0}
  m_NavMeshLayer: 0
  m_StaticEditorFlags: 0
  m_IsActive: 1
--- !u!4 &4221094365776376
Transform:
  m_ObjectHideFlags: 1
  m_PrefabParentObject: {fileID: 0}
  m_PrefabInternal: {fileID: 100100000}
  m_GameObject: {fileID: 1985804871121840}
  m_LocalRotation: {x: 0, y: 0, z: 0, w: 1}
  m_LocalPosition: {x: 0, y: 0, z: 0}
  m_LocalScale: {x: 1, y: 1, z: 1}
  m_Children:
  - {fileID: 4748817718073850}
  - {fileID: 4584480892462854}
  m_Father: {fileID: 4250581926057040}
  m_RootOrder: 0
  m_LocalEulerAnglesHint: {x: 0, y: 0, z: 0}
--- !u!4 &4250581926057040
Transform:
  m_ObjectHideFlags: 1
  m_PrefabParentObject: {fileID: 0}
  m_PrefabInternal: {fileID: 100100000}
  m_GameObject: {fileID: 1036565892715572}
  m_LocalRotation: {x: 0, y: 0, z: 0, w: 1}
  m_LocalPosition: {x: -1.09, y: -3.36, z: 0}
  m_LocalScale: {x: 0.23800522, y: 0.23800522, z: 0.47601044}
  m_Children:
  - {fileID: 4221094365776376}
  m_Father: {fileID: 0}
  m_RootOrder: 0
  m_LocalEulerAnglesHint: {x: 0, y: 0, z: 0}
--- !u!4 &4584480892462854
Transform:
  m_ObjectHideFlags: 1
  m_PrefabParentObject: {fileID: 0}
  m_PrefabInternal: {fileID: 100100000}
  m_GameObject: {fileID: 1344353766377248}
  m_LocalRotation: {x: 0, y: 0, z: 0, w: 1}
  m_LocalPosition: {x: -0.95, y: 0.5, z: 1}
  m_LocalScale: {x: 1, y: 1, z: 1}
  m_Children: []
  m_Father: {fileID: 4221094365776376}
  m_RootOrder: 1
  m_LocalEulerAnglesHint: {x: 0, y: 0, z: 0}
--- !u!4 &4748817718073850
Transform:
  m_ObjectHideFlags: 1
  m_PrefabParentObject: {fileID: 0}
  m_PrefabInternal: {fileID: 100100000}
  m_GameObject: {fileID: 1995596608917110}
  m_LocalRotation: {x: 0, y: 0, z: 0, w: 1}
  m_LocalPosition: {x: 0.95, y: 0.5, z: 1}
  m_LocalScale: {x: 1, y: 1, z: 1}
  m_Children: []
  m_Father: {fileID: 4221094365776376}
  m_RootOrder: 0
  m_LocalEulerAnglesHint: {x: 0, y: 0, z: 0}
--- !u!50 &50224291704404702
Rigidbody2D:
  serializedVersion: 4
  m_ObjectHideFlags: 1
  m_PrefabParentObject: {fileID: 0}
  m_PrefabInternal: {fileID: 100100000}
  m_GameObject: {fileID: 1036565892715572}
  m_BodyType: 1
  m_Simulated: 1
  m_UseFullKinematicContacts: 0
  m_UseAutoMass: 0
  m_Mass: 1
  m_LinearDrag: 0
  m_AngularDrag: 0.05
  m_GravityScale: 1
  m_Material: {fileID: 0}
  m_Interpolate: 0
  m_SleepingMode: 1
  m_CollisionDetection: 0
  m_Constraints: 0
--- !u!60 &60038053535919150
PolygonCollider2D:
  m_ObjectHideFlags: 1
  m_PrefabParentObject: {fileID: 0}
  m_PrefabInternal: {fileID: 100100000}
  m_GameObject: {fileID: 1036565892715572}
  m_Enabled: 1
  m_Density: 1
  m_Material: {fileID: 0}
  m_IsTrigger: 1
  m_UsedByEffector: 0
  m_UsedByComposite: 0
  m_Offset: {x: 0, y: 0}
  m_SpriteTilingProperty:
    border: {x: 0, y: 0, z: 0, w: 0}
    pivot: {x: 0.5, y: 0.5}
    oldSize: {x: 4.27, y: 4.24}
    newSize: {x: 4.27, y: 4.24}
    adaptiveTilingThreshold: 0.5
    drawMode: 0
    adaptiveTiling: 0
  m_AutoTiling: 0
  m_Points:
    m_Paths:
    - - {x: 0.225, y: -1.8199999}
      - {x: 0.385, y: -1.8499999}
      - {x: 0.765, y: -1.92}
      - {x: 0.935, y: -1.9499999}
      - {x: 0.965, y: -1.9499999}
      - {x: 0.98499995, y: -1.93}
      - {x: 0.98499995, y: -1.66}
      - {x: 0.97499996, y: -1.64}
      - {x: 0.85499996, y: -1.56}
      - {x: 0.565, y: -1.38}
      - {x: 0.375, y: -1.25}
      - {x: 0.24499999, y: -1.18}
      - {x: 0.255, y: -0.97999996}
      - {x: 0.255, y: -0.71}
      - {x: 0.265, y: -0.7}
      - {x: 0.775, y: -0.7}
      - {x: 1.0649999, y: -0.69}
      - {x: 1.0649999, y: -0.7}
      - {x: 1.225, y: -0.74}
      - {x: 1.925, y: -0.87}
      - {x: 2.0249999, y: -0.89}
      - {x: 2.135, y: -0.9}
      - {x: 2.135, y: -0.7}
      - {x: 2.125, y: -0.65999997}
      - {x: 2.115, y: -0.55}
      - {x: 2.095, y: -0.35999998}
      - {x: 1.985, y: -0.26999998}
      - {x: 1.925, y: -0.24}
      - {x: 1.535, y: 0.01}
      - {x: 1.545, y: 0.08}
      - {x: 1.545, y: 0.26}
      - {x: 1.535, y: 0.31}
      - {x: 1.475, y: 0.34}
      - {x: 1.365, y: 0.32}
      - {x: 1.3349999, y: 0.26999998}
      - {x: 1.3149999, y: 0.16}
      - {x: 1.295, y: 0.19}
      - {x: 1.055, y: 0.34}
      - {x: 1.055, y: 0.7}
      - {x: 1.045, y: 0.75}
      - {x: 0.97499996, y: 0.78}
      - {x: 0.875, y: 0.77}
      - {x: 0.84499997, y: 0.7}
      - {x: 0.84499997, y: 0.51}
      - {x: 0.805, y: 0.52}
      - {x: 0.745, y: 0.55}
      - {x: 0.435, y: 0.75}
      - {x: 0.315, y: 0.75}
      - {x: 0.325, y: 1.25}
      - {x: 0.315, y: 1.52}
      - {x: 0.285, y: 1.66}
      - {x: 0.225, y: 1.87}
      - {x: 0.16499999, y: 1.9699999}
      - {x: 0.055, y: 2.05}
      - {x: 0.13499999, y: 2.05}
      - {x: 0.175, y: 2.08}
      - {x: 0.175, y: 2.11}
      - {x: 0.16499999, y: 2.12}
      - {x: -0.16499999, y: 2.12}
      - {x: -0.175, y: 2.11}
      - {x: -0.175, y: 2.08}
      - {x: -0.125, y: 2.04}
      - {x: -0.074999996, y: 2.03}
      - {x: -0.16499999, y: 1.9499999}
      - {x: -0.24499999, y: 1.78}
      - {x: -0.265, y: 1.7199999}
      - {x: -0.305, y: 1.56}
      - {x: -0.315, y: 1.51}
      - {x: -0.325, y: 1.25}
      - {x: -0.325, y: 1.1}
      - {x: -0.315, y: 0.84}
      - {x: -0.305, y: 0.75}
      - {x: -0.435, y: 0.75}
      - {x: -0.475, y: 0.72999996}
      - {x: -0.865, y: 0.47}
      - {x: -0.865, y: 0.7}
      - {x: -0.875, y: 0.75}
      - {x: -0.97499996, y: 0.78999996}
      - {x: -1.045, y: 0.77}
      - {x: -1.0849999, y: 0.71}
      - {x: -1.0749999, y: 0.32999998}
      - {x: -1.345, y: 0.14999999}
      - {x: -1.345, y: 0.26}
      - {x: -1.365, y: 0.31}
      - {x: -1.415, y: 0.34}
      - {x: -1.515, y: 0.34}
      - {x: -1.555, y: 0.26}
      - {x: -1.555, y: 0}
      - {x: -1.9449999, y: -0.26}
      - {x: -2.085, y: -0.35}
      - {x: -2.095, y: -0.38}
      - {x: -2.115, y: -0.56}
      - {x: -2.135, y: -0.7}
      - {x: -2.135, y: -0.90999997}
      - {x: -2.0149999, y: -0.9}
      - {x: -1.8249999, y: -0.84999996}
      - {x: -1.615, y: -0.82}
      - {x: -1.515, y: -0.78999996}
      - {x: -1.0849999, y: -0.7}
      - {x: -1.0749999, y: -0.69}
      - {x: -0.775, y: -0.7}
      - {x: -0.255, y: -0.76}
      - {x: -0.24499999, y: -1.02}
      - {x: -0.235, y: -1.17}
      - {x: -0.265, y: -1.1899999}
      - {x: -0.355, y: -1.24}
      - {x: -0.545, y: -1.37}
      - {x: -0.835, y: -1.55}
      - {x: -0.97499996, y: -1.65}
      - {x: -0.97499996, y: -1.93}
      - {x: -0.955, y: -1.9499999}
      - {x: -0.92499995, y: -1.9499999}
      - {x: -0.48499998, y: -1.87}
      - {x: -0.36499998, y: -1.86}
      - {x: -0.225, y: -1.8299999}
      - {x: -0.205, y: -1.8299999}
      - {x: -0.205, y: -2.07}
      - {x: -0.185, y: -2.1}
      - {x: -0.114999995, y: -2.12}
      - {x: 0.125, y: -2.12}
      - {x: 0.195, y: -2.1}
      - {x: 0.21499999, y: -2.07}
      - {x: 0.21499999, y: -1.8399999}
--- !u!95 &95541376974082628
Animator:
  serializedVersion: 3
  m_ObjectHideFlags: 1
  m_PrefabParentObject: {fileID: 0}
  m_PrefabInternal: {fileID: 100100000}
  m_GameObject: {fileID: 1036565892715572}
  m_Enabled: 1
  m_Avatar: {fileID: 0}
  m_Controller: {fileID: 9100000, guid: b133a7cf2df47b04796c744eab632191, type: 2}
  m_CullingMode: 0
  m_UpdateMode: 0
  m_ApplyRootMotion: 0
  m_LinearVelocityBlending: 0
  m_WarningMessage: 
  m_HasTransformHierarchy: 1
  m_AllowConstantClipSamplingOptimization: 1
--- !u!114 &114863241153368332
MonoBehaviour:
  m_ObjectHideFlags: 1
  m_PrefabParentObject: {fileID: 0}
  m_PrefabInternal: {fileID: 100100000}
  m_GameObject: {fileID: 1036565892715572}
  m_Enabled: 1
  m_EditorHideFlags: 0
  m_Script: {fileID: 11500000, guid: 6fe8c937f2569254980b0e778e3ccc9d, type: 3}
  m_Name: 
  m_EditorClassIdentifier: 
  speed: 5
  missileLaunchers:
  - {fileID: 4748817718073850}
  - {fileID: 4584480892462854}
  missile: {fileID: 0}
  attackDelay: 0.5
  limitMove: 1
  paused: 0
--- !u!212 &212291684689039722
SpriteRenderer:
  m_ObjectHideFlags: 1
  m_PrefabParentObject: {fileID: 0}
  m_PrefabInternal: {fileID: 100100000}
  m_GameObject: {fileID: 1036565892715572}
  m_Enabled: 1
  m_CastShadows: 0
  m_ReceiveShadows: 0
  m_DynamicOccludee: 1
  m_MotionVectors: 1
  m_LightProbeUsage: 1
  m_ReflectionProbeUsage: 1
  m_Materials:
  - {fileID: 10754, guid: 0000000000000000f000000000000000, type: 0}
  m_StaticBatchInfo:
    firstSubMesh: 0
    subMeshCount: 0
  m_StaticBatchRoot: {fileID: 0}
  m_ProbeAnchor: {fileID: 0}
  m_LightProbeVolumeOverride: {fileID: 0}
  m_ScaleInLightmap: 1
  m_PreserveUVs: 0
  m_IgnoreNormalsForChartDetection: 0
  m_ImportantGI: 0
  m_StitchLightmapSeams: 0
  m_SelectedEditorRenderState: 0
  m_MinimumChartSize: 4
  m_AutoUVMaxDistance: 0.5
  m_AutoUVMaxAngle: 89
  m_LightmapParameters: {fileID: 0}
  m_SortingLayerID: 0
  m_SortingLayer: 0
  m_SortingOrder: 2
  m_Sprite: {fileID: 21300000, guid: c78fd4cd1b1ddc94eb6f889e9fceef27, type: 3}
  m_Color: {r: 1, g: 1, b: 1, a: 1}
  m_FlipX: 0
  m_FlipY: 0
  m_DrawMode: 0
  m_Size: {x: 4.27, y: 4.24}
  m_AdaptiveModeThreshold: 0.5
  m_SpriteTileMode: 0
  m_WasSpriteAssigned: 1
  m_MaskInteraction: 0
